<?xml version="1.0" encoding="UTF-8"?>
<OAI-PMH xmlns="http://www.openarchives.org/OAI/2.0/" xmlns:xsi="http://www.w3.org/2001/XMLSchema-instance" xsi:schemaLocation="http://www.openarchives.org/OAI/2.0/ http://www.openarchives.org/OAI/2.0/OAI-PMH.xsd">
<ListRecords>
<record>
<header status="updated">
<identifier>urm_publish:71274733320002121</identifier>
</header>
<metadata>
<record xmlns="http://www.loc.gov/MARC21/slim" xmlns:xsi="http://www.w3.org/2001/XMLSchema-instance" xsi:schemaLocation="http://www.loc.gov/MARC21/slim http://www.loc.gov/standards/marcxml/schema/MARC21slim.xsd" ><leader>01398cas a2200421   4500</leader><controlfield tag="005">20150313113240.0</controlfield><controlfield tag="008">770707c19779999mdugr1p       0   a0eng d</controlfield><controlfield tag="001">999493674602121</controlfield><datafield tag="010" ind1=" " ind2=" "><subfield code="a">   77641894 </subfield></datafield><datafield tag="022" ind1="0" ind2=" "><subfield code="a">0146-3721</subfield></datafield><datafield tag="035" ind1=" " ind2=" "><subfield code="a">(OCoLC)ocm03098586</subfield></datafield><datafield tag="035" ind1=" " ind2=" "><subfield code="9">ABE3100UW</subfield></datafield><datafield tag="035" ind1=" " ind2=" "><subfield code="a">274815</subfield></datafield><datafield tag="035" ind1=" " ind2=" "><subfield code="a">(WU)274815-uwmadisondb</subfield></datafield><datafield tag="037" ind1=" " ind2=" "><subfield code="b">American Dance Therapy Association, Suite 230, 2000 Century Plaza, Columbia, MD 21044</subfield></datafield><datafield tag="040" ind1=" " ind2=" "><subfield code="a">NSD</subfield><subfield code="b">eng</subfield><subfield code="c">NSD</subfield><subfield code="d">DLC</subfield><subfield code="d">NSD</subfield><subfield code="d">DLC</subfield><subfield code="d">NSD</subfield><subfield code="d">OCL</subfield><subfield code="d">NSD</subfield><subfield code="d">m.c.</subfield><subfield code="d">NST</subfield><subfield code="d">SER</subfield><subfield code="d">NST</subfield><subfield code="d">AIP</subfield><subfield code="d">NST</subfield><subfield code="d">AIP</subfield><subfield code="d">NSD</subfield><subfield code="d">GZM</subfield></datafield><datafield tag="042" ind1=" " ind2=" "><subfield code="a">nsdp</subfield><subfield code="a">lc</subfield></datafield><datafield tag="050" ind1="0" ind2=" "><subfield code="a">RC489.D3</subfield><subfield code="b">A42</subfield></datafield><datafield tag="060" ind1="0" ind2=" "><subfield code="a">W1 AM45LT</subfield></datafield><datafield tag="069" ind1="1" ind2=" "><subfield code="a">A24090000</subfield></datafield><datafield tag="082" ind1=" " ind2=" "><subfield code="a">615/.8515</subfield></datafield><datafield tag="210" ind1="0" ind2=" "><subfield code="a">Am. j. dance ther.</subfield></datafield><datafield tag="222" ind1=" " ind2="0"><subfield code="a">American journal of dance therapy</subfield></datafield><datafield tag="245" ind1="0" ind2="0"><subfield code="a">American journal of dance therapy.</subfield></datafield><datafield tag="260" ind1=" " ind2=" "><subfield code="a">Columbia, Md. :</subfield><subfield code="b">American Dance Therapy Association.</subfield></datafield><datafield tag="300" ind1=" " ind2=" "><subfield code="a">volumes :</subfield><subfield code="b">illustrations ;</subfield><subfield code="c">28 cm</subfield></datafield><datafield tag="310" ind1=" " ind2=" "><subfield code="a">Annual</subfield><subfield code="b">1983-</subfield></datafield><datafield tag="321" ind1=" " ind2=" "><subfield code="a">Semiannual</subfield><subfield code="b">1977-1982.</subfield></datafield><datafield tag="336" ind1=" " ind2=" "><subfield code="a">text</subfield><subfield code="b">txt</subfield><subfield code="2">rdacontent</subfield></datafield><datafield tag="337" ind1=" " ind2=" "><subfield code="a">unmediated</subfield><subfield code="b">n</subfield><subfield code="2">rdamedia</subfield></datafield><datafield tag="338" ind1=" " ind2=" "><subfield code="a">volume</subfield><subfield code="b">nc</subfield><subfield code="2">rdacarrier</subfield></datafield><datafield tag="362" ind1="0" ind2=" "><subfield code="a">v. 1-   spring/summer 1977-</subfield></datafield><datafield tag="510" ind1="2" ind2=" "><subfield code="a">Excerpta medica</subfield></datafield><datafield tag="510" ind1="2" ind2=" "><subfield code="a">Psychological abstracts</subfield><subfield code="x">0033-2887</subfield><subfield code="b">1977-</subfield></datafield><datafield tag="530" ind1=" " ind2=" "><subfield code="a">Also available on the Internet.</subfield></datafield><datafield tag="650" ind1=" " ind2="0"><subfield code="a">Dance therapy</subfield><subfield code="v">Periodicals.</subfield><subfield code="2">LCSH</subfield><subfield code="0">41-LIBRARY_OF_CONGRESS-sh 85035654</subfield><subfield code="9">Y</subfield></datafield><datafield tag="710" ind1="2" ind2=" "><subfield code="a">American Dance Therapy Association.</subfield><subfield code="2">LCNAMES</subfield><subfield code="0">41-LIBRARY_OF_CONGRESS-n  50061257</subfield><subfield code="9">Y</subfield></datafield><datafield tag="997" ind1=" " ind2=" "><subfield code="a">MARCIVE</subfield></datafield><datafield tag="650" ind1=" " ind2="0"><subfield code="a">Dance</subfield><subfield code="x">Therapeutic use</subfield><subfield code="2">LCSH</subfield><subfield code="0">41-LIBRARY_OF_CONGRESS-sh 85035654</subfield><subfield code="9">N</subfield></datafield><datafield tag="650" ind1=" " ind2="0"><subfield code="a">Dance movement therapy</subfield><subfield code="2">LCSH</subfield><subfield code="0">41-LIBRARY_OF_CONGRESS-sh 85035654</subfield><subfield code="9">N</subfield></datafield><datafield tag="650" ind1=" " ind2="0"><subfield code="a">Dance psychotherapy</subfield><subfield code="2">LCSH</subfield><subfield code="0">41-LIBRARY_OF_CONGRESS-sh 85035654</subfield><subfield code="9">N</subfield></datafield><datafield tag="650" ind1=" " ind2="0"><subfield code="w">g</subfield><subfield code="a">Movement therapy</subfield><subfield code="2">LCSH</subfield><subfield code="0">41-LIBRARY_OF_CONGRESS-sh 85035654</subfield><subfield code="9">R</subfield></datafield><datafield tag="710" ind1="2" ind2=" "><subfield code="a">ADTA</subfield><subfield code="2">LCNAMES</subfield><subfield code="0">41-LIBRARY_OF_CONGRESS-n  50061257</subfield><subfield code="9">N</subfield></datafield><datafield tag="INST" ind1=" " ind2=" "><subfield code="a">01UWI_NETWORK</subfield><subfield code="b">P</subfield><subfield code="c">71274733320002121</subfield></datafield><datafield tag="INST" ind1=" " ind2=" "><subfield code="a">01UWI_LC</subfield><subfield code="b">P</subfield><subfield code="c">21113489810002125</subfield></datafield><datafield tag="INST" ind1=" " ind2=" "><subfield code="a">01UWI_MAD</subfield><subfield code="b">P</subfield><subfield code="c">21479802930002122</subfield></datafield><datafield tag="INST" ind1=" " ind2=" "><subfield code="a">01UWI_RF</subfield><subfield code="b">P</subfield><subfield code="c">2160700330002129</subfield></datafield><datafield tag="AVA" ind1=" " ind2=" "><subfield code="0">992198903402125</subfield><subfield code="8">22113489800002125</subfield><subfield code="a">01UWI_LC</subfield><subfield code="b">LAXMUR</subfield><subfield code="c">Periodicals Bound</subfield><subfield code="e">available</subfield><subfield code="f">5</subfield><subfield code="g">0</subfield><subfield code="j">perbnd</subfield><subfield code="p">1</subfield><subfield code="q">UW La Crosse Murphy Library</subfield><subfield code="t">v.1(1977)-v.5(1982)</subfield></datafield><datafield tag="AVA" ind1=" " ind2=" "><subfield code="0">992748153602122</subfield><subfield code="8">22479802920002122</subfield><subfield code="a">01UWI_MAD</subfield><subfield code="b">MEMORIAL</subfield><subfield code="c">Journals (AP)</subfield><subfield code="d">AP A506 D173</subfield><subfield code="e">available</subfield><subfield code="f">2</subfield><subfield code="g">0</subfield><subfield code="j">jrl</subfield><subfield code="k">8</subfield><subfield code="p">1</subfield><subfield code="q">Memorial Library</subfield><subfield code="t">v.25:no.incomplete(2003)-v.28:no.incomplete(2006)</subfield><subfield code="t">v.29(2007)-v.31(2009)</subfield></datafield><datafield tag="AVA" ind1=" " ind2=" "><subfield code="0">992748153602122</subfield><subfield code="8">22479802820002122</subfield><subfield code="a">01UWI_MAD</subfield><subfield code="b">REPOSITORY</subfield><subfield code="c">BTAA Shared Print</subfield><subfield code="e">check_holdings</subfield><subfield code="j">btaaspr</subfield><subfield code="k">8</subfield><subfield code="p">2</subfield><subfield code="q">Shared Print Repositories</subfield></datafield><datafield tag="AVA" ind1=" " ind2=" "><subfield code="0">991763153602129</subfield><subfield code="8">2260700320002129</subfield><subfield code="a">01UWI_RF</subfield><subfield code="b">RF</subfield><subfield code="c">Journal Collection</subfield><subfield code="d">Shelved by Title</subfield><subfield code="e">check_holdings</subfield><subfield code="j">per</subfield><subfield code="k">8</subfield><subfield code="p">1</subfield><subfield code="q">Chalmer Davee Library</subfield><subfield code="t">v.4:no.1(1981:spring)-v.25:no.2(2002:fall/winter)</subfield></datafield><datafield tag="MMS" ind1=" " ind2=" "><subfield code="b">999493674602121</subfield><subfield code="a">01UWI_NETWORK</subfield></datafield><datafield tag="MMS" ind1=" " ind2=" "><subfield code="b">992198903402125</subfield><subfield code="a">01UWI_LC</subfield></datafield><datafield tag="MMS" ind1=" " ind2=" "><subfield code="b">992748153602122</subfield><subfield code="a">01UWI_MAD</subfield></datafield><datafield tag="MMS" ind1=" " ind2=" "><subfield code="b">991763153602129</subfield><subfield code="a">01UWI_RF</subfield></datafield><datafield tag="AAA" ind1="8" ind2="1"><subfield code="z">Print subscription cancelled after 2009.</subfield><subfield code="8">22479802920002122</subfield><subfield code="A">01UWI_MAD</subfield></datafield><datafield tag="BBB" ind1="8" ind2="1"><subfield code="x">mk:v/#;bd:4v;cmh</subfield><subfield code="8">22479802920002122</subfield><subfield code="A">01UWI_MAD</subfield></datafield></record>
</metadata>
</record>
</ListRecords>
</OAI-PMH>